:20:20250821-30904998
:25:BG90STSA93000030904998
:28C:072/01
:60F:C250821BGN15154,22
:61:2508210821DN0,65NTRF000001//67029981324535
TC51-TSC20
:NS:191530+
:86:020+51+
20          +
21BISERA6                       +
22FECPR200012108202515:30+
2820250821029981324535+
30+
31+
32 +
33
:61:2508210821DN2278,44NTRF000002//67029981324535
TC64-TSC31
:NS:191530+
:86:020+64+
20. N 1948/ W1+
21+
222108202515:30+
28+
30+
31BG75UBBS80021029841118+
32  +
33
:62F:C250821BGN12875,13
:64:C250821BGN12875,13
