:20:20250822-30904998
:25:BG90STSA93000030904998
:28C:073/01
:60F:C250822BGN12875,13
:61:2508220822DN0,65NTRF000001//67029981310518
TC51-TSC20
:NS:191122+
:86:020+51+
20          +
21BISERA6                       +
22FECPR200012208202511:22+
2820250822029981310518+
30+
31+
32 +
33
:61:2508220822DN40,00NTRF000002//67029981310518
TC64-TSC31
:NS:191122+
:86:020+64+
20. 2987/21.08.2025+
21+
222208202511:22+
28+
30+
31BG29BPBI79391076816402+
32 +
33
:62F:C250822BGN12834,48
:64:C250822BGN12834,48
